<record><leader>00000cas a22000007a 4500</leader><controlfield tag="001">10345053</controlfield><controlfield tag="008">840127d18661882njuwr ne      0    0eng d</controlfield><datafield ind1=" " ind2=" " tag="010"><subfield code="a">sn 84026221 </subfield></datafield><datafield ind1=" " ind2=" " tag="040"><subfield code="a">NPU</subfield><subfield code="b">eng</subfield><subfield code="c">NPU</subfield><subfield code="d">NPA</subfield><subfield code="d">NJW</subfield><subfield code="d">OCLCQ</subfield></datafield><datafield ind1=" " ind2=" " tag="042"><subfield code="a">msc</subfield></datafield><datafield ind1="0" ind2="4" tag="245"><subfield code="a">The Weekly advocate and times.</subfield></datafield><datafield ind1="3" ind2="0" tag="246"><subfield code="a">Advocate and times</subfield></datafield><datafield ind1=" " ind2=" " tag="260"><subfield code="a">Rahway, N.J. :</subfield><subfield code="b">W.L. Mershon &amp; Co.</subfield></datafield><datafield ind1=" " ind2=" " tag="300"><subfield code="a">v. ;</subfield><subfield code="c">67 cm.</subfield></datafield><datafield ind1=" " ind2=" " tag="310"><subfield code="a">Weekly</subfield></datafield><datafield ind1="1" ind2=" " tag="362"><subfield code="a">Began in 1866; ceased in 1882?</subfield><subfield code="z">Cf. Wright, W.C. and Stellhorn, P.A. Direct of N.J. newspapers.</subfield></datafield><datafield ind1=" " ind2=" " tag="530"><subfield code="a">Also issued on microfilm as part of the Civil War newspapers collection.</subfield></datafield><datafield ind1=" " ind2=" " tag="580"><subfield code="a">Daily ed.: Daily Rahwegian.</subfield></datafield><datafield ind1=" " ind2=" " tag="588"><subfield code="a">Description based on: New v. 40, no. 39 (Sept. 24, 1881).</subfield></datafield><datafield ind1=" " ind2=" " tag="752"><subfield code="a">United States</subfield><subfield code="b">New Jersey</subfield><subfield code="c">Union</subfield><subfield code="d">Rahway.</subfield></datafield><datafield ind1="1" ind2=" " tag="775"><subfield code="t">Daily Rahwegian</subfield><subfield code="w">(DLC)sn 85036008</subfield><subfield code="w">(OCoLC)13039662</subfield></datafield><datafield ind1="0" ind2="0" tag="780"><subfield code="t">Advocate and times</subfield><subfield code="w">(DLC)sn 84026223</subfield><subfield code="w">(OCoLC)10345360</subfield></datafield><datafield ind1="0" ind2="0" tag="785"><subfield code="t">Rahway advocate (1882)</subfield><subfield code="w">(DLC)sn 84026222</subfield><subfield code="w">(OCoLC)10345207</subfield></datafield></record>